@book{Cia78,
    author = {P. G. Ciarlet},
    title = {The Finite Element Method for Elliptic Problems},
    publisher = {North-Holland, Amsterdam, New York, Oxford},
    year = {1978},
}
