@Book{Holzapfel2000,
  author = {G. A. Holzapfel},
  title =  {Nonlinear solid mechanics: A continuum approach for engineering},
  publisher = {John Wiley \& Sons},
  year = {2000},
}

@BOOK{TruesdellNoll1965,
     AUTHOR = {C. A. Truesdell and W. Noll},
     TITLE  = {The {N}on-linear {F}ield {T}heories ({H}andbuch der {P}hysik,
               band {I}{I}{I})},
     PUBLISHER = "Springer, Berlin",
     YEAR    = 1965, }

@BOOK{TruesdellToupin1960,
AUTHOR = {C. A. Truesdell and R. A. Toupin},
TITLE = {The {C}lassical {F}ield {T}heories  ({H}andbuch der {P}hysik,
                  band {I}{I}{I}/1)},
PUBLISHER = "Springer-Verlag, Berlin",
YEAR = {1960},
}

@BOOK{Gurtin1981,
AUTHOR = {M. E. Gurtin},
TITLE = {An Introduction to Continuum Mechanics},
PUBLISHER = {Academic Press},
YEAR = {1981},
}

@BOOK{Ogden1997,
AUTHOR = {R. W. Ogden},
TITLE  = {Nonlinear Elastic Deformations},
PUBLISHER = {Dover Publications},
YEAR    = {1997},
}

@ARTICLE{MarckmannVerron2006,
author = {G. Marckmann and E. Verron},
title  = {Comparison of hyperelastic models for rubber-like materials},
journal= {Rubber chemistry and technology},
volume = {79},
number = {5},
pages = {835--858},
year   = {2006},
}

@BOOK{SimoHughes1998,
AUTHOR = "J. C. Simo and T. J. R. Hughes",
TITLE  = {Computational {I}nelasticity},
PUBLISHER = "Springer Verlag",
YEAR    = 1998, }

@ARTICLE{HilberHughesTaylor1977,
author = {H. M. Hilber and T. J. R. Hughes and R. L. Taylor},
title  = {Improved numerical dissipation for time integration algorithms in structural dynamics},
journal= {Earthquake Engineering and Structural Dynamics},
volume = {5},
number = {3},
pages = {283--292},
year   = {1977},
}